@article{hs52,
  title={Methods of conjugate gradients for solving linear systems},
  author={Hestenes, Magnus R and Stiefel, Eduard and others},
  journal={Journal of research of the National Bureau of Standards},
  volume={49},
  number={6},
  pages={409--436},
  year={1952}
}


@article{l52,
  title={Solution of systems of linear equations by minimized iterations},
  author={Lanczos, Cornelius},
  journal={J. Res. Nat. Bur. Standards},
  volume={49},
  number={1},
  pages={33--53},
  year={1952}
}

@article{n83,
author="Nesterov, Y. E.",
title="A method for solving the convex programming problem with convergence rate $O(1/k^2)$",
journal="Dokl. Akad. Nauk SSSR",
ISSN="",
publisher="",
year="1983",
month="",
volume="269",
number="",
pages="543-547",
DOI="",
}


@article{ny83,
  title={Information-based complexity of mathematical programming},
  author={Nemirovski, A and Yudin, D},
  journal={Izvestia AN SSSR, Ser. Tekhnicheskaya Kibernetika (the journal is translated to English as Engineering Cybernetics. Soviet J. Computer \& Systems Sci.)},
  volume=1,
  year=1983
}


@article{do19,
  title={Conjugate gradients and accelerated methods unified: The approximate duality gap view},
  author={Diakonikolas, Jelena and Orecchia, Lorenzo},
  journal={arXiv preprint arXiv:1907.00289},
  year={2019}
}

@article{tropp15,
  title={An introduction to matrix concentration inequalities},
  author={Tropp, Joel A and others},
  journal={Foundations and Trends{\textregistered} in Machine Learning},
  volume={8},
  number={1-2},
  pages={1--230},
  year={2015},
  publisher={Now Publishers, Inc.}
}


@article{spielman2011graph,
  title={Graph sparsification by effective resistances},
  author={Spielman, Daniel A and Srivastava, Nikhil},
  journal={SIAM Journal on Computing},
  volume={40},
  number={6},
  pages={1913--1926},
  year={2011},
  publisher={SIAM}
}


@inproceedings{st04,
author = {Spielman, Daniel A. and Teng, Shang-Hua},
title = {Nearly-Linear Time Algorithms for Graph Partitioning, Graph Sparsification, and Solving Linear Systems},
year = {2004},
isbn = {1581138520},
publisher = {Association for Computing Machinery},
address = {New York, NY, USA},
url = {https://doi.org/10.1145/1007352.1007372},
doi = {10.1145/1007352.1007372},
booktitle = {Proceedings of the Thirty-Sixth Annual ACM Symposium on Theory of Computing},
pages = {81–90},
numpages = {10},
keywords = {graph partitioning, graph sparsification, preconditioners},
location = {Chicago, IL, USA},
series = {STOC ’04}
}


@INPROCEEDINGS{ks16, author={R. {Kyng} and S. {Sachdeva}}, booktitle={2016 IEEE 57th Annual Symposium on Foundations of Computer Science (FOCS)}, title={Approximate Gaussian Elimination for Laplacians - Fast, Sparse, and Simple}, year={2016}, volume={}, number={}, pages={573-582},}


@article{tropp19,
  title={Matrix Concentration \& Computational Linear Algebra},
  author={Tropp, Joel A},
  year={2019},
}



@misc{S19,
  title = {Spectral and {{Algebraic Graph Theory}}},
  author = {Spielman, Daniel A},
  year = {2019},
  file = {/Users/rjkyng/Zotero/storage/DQHH5YWS/Spielman - Spectral and Algebraic Graph Theory.pdf},
  language = {en}
}


